@misc{CityofCapeTown2024,
   author         = {City of Cape Town},
   title          = {Air Quality Management Plan},
   year           = {2024},
   howpublished   = {\url{https://resource.capetown.gov.za/documentcentre/Documents/City%20strategies,%20plans%20and%20frameworks/Air_Quality_Management_Plan_2024.pdf}}
}

@misc{CityofCapeTown2015,
   author         = {City of Cape Town},
   title          = {Open Data Portal},
   year           = {2015},
   howpublished   = {\url{https://odp-cctegis.opendata.arcgis.com/}}
}
