@manual{R,
  title = {R: A Language and Environment for Statistical Computing},
  author = {{R Core Team}},
  organization = {R Foundation for Statistical Computing},
  address = {Vienna, Austria},
  year = {2019},
  url = {https://www.R-project.org/},
}

@book{Watson2025,
   author         = {Neil Watson},
   title          = {Introduction to Time Series Analysis},
   year           = {2025},
   publisher      = {Unknown Publisher}
}

@misc{Betancourt2020,
   author         = {Michael Betancourt},
   title          = {Robust Gaussian Process Modeling},
   year           = {2020},
   howpublished   = {\url{https://betanalpha.github.io/assets/case_studies/gaussian_processes.html}}
}

@article{Roberts2013,
   author         = {Roberts et al.},
   title          = {Gaussian Processes for Time-Series Modelling},
   journal        = {Philosophical Transactions of the Royal Society},
   year           = {2013},
   url            = {https://royalsocietypublishing.org/}
}

@book{Rasmussen2006,
   author         = {Rasmussen and Williams},
   title          = {Gaussian Processes for Machine Learning},
   year           = {2006},
   publisher      = {The MIT Press},
   url            = {https://gaussianprocess.org/gpml/}
}

@misc{CityofCapeTown2024,
   author         = {City of Cape Town},
   title          = {Air Quality Management Plan},
   year           = {2024},
   url            = {https://resource.capetown.gov.za/documentcentre/Documents/City%20strategies,%20plans%20and%20frameworks/Air_Quality_Management_Plan_2024.pdf}
}

@misc{CityofCapeTown2015,
   author         = {City of Cape Town},
   title          = {Open Data Portal},
   year           = {2015},
   url            = {https://odp-cctegis.opendata.arcgis.com/}
}

@misc{CoreyMontella2011,
   author         = {Corey Montella},
   title          = {ResearchGate},
   year           = {2011},
   howpublished   = {\url{https://www.researchgate.net/publication/236897001_The_Kalman_Filter_and_Related_Algorithms_A_Literature_Review}}
}

@misc{fpp3_CV,
   author   = {Rob J Hyndman and George Athanasopoulos},
   title    = {Forecasting: Principles and Practices},
   year     = {2021},
   url      = {https://otexts.com/fpp3/tscv.html}
}

@misc{WHO2021,
   author   = {World Heath Organization},
   title    = {WHO Global Air Quality Guidelines},
   year     = {2021},
   url      = {https://www.who.int/teams/environment-climate-change-and-health/air-quality-and-health/health-impacts/types-of-pollutants}
}
