@book{hamilton1994time,
  title={Time Series Analysis},
  author={Hamilton, James D.},
  year={1994},
  publisher={Princeton University Press}
}

@article{engle1982arch,
  title={Autoregressive conditional heteroskedasticity with estimates of the variance of United Kingdom inflation},
  author={Engle, Robert F.},
  journal={Econometrica: Journal of the Econometric Society},
  volume={50},
  number={4},
  pages={987--1007},
  year={1982},
  publisher={JSTOR}
}

@article{cont2001empirical,
  title={Empirical properties of asset returns: stylized facts and statistical issues},
  author={Cont, Rama},
  journal={Quantitative Finance},
  volume={1},
  number={2},
  pages={223--236},
  year={2001},
  publisher={Taylor \& Francis}
}

@book{rasmussen2006gaussian,
  title={Gaussian Processes for Machine Learning},
  author={Rasmussen, Carl Edward and Williams, Christopher KI},
  year={2006},
  publisher={MIT Press}
}